
@article{fengHuiLiuHanGongYiCanShuDuiWenDuQuXianDeYingXiang2004b,
  title = {{回流焊工艺参数对温度曲线的影响}},
  author = {冯, 志刚 and 郁, 鼎文 and 朱, 云鹤},
  year = {2004},
  journal = {电子工艺技术},
  number = {06},
  pages = {243-246+251},
  issn = {1001-3474},
  language = {中文;},
  keywords = {⛔ No DOI found,Reflow profile,回流温度曲线 Parameters of reflow oven,回流焊炉工艺参数},
  annotation = {28 citations(CNKI)[2021-08-12]},
  file = {E\:\\prog\\Zotero\\Zotero\\storage\\QYMTXCGD\\回流焊工艺参数对温度曲线的影响_冯志刚.pdf}
}

@article{jiangGuanYuHuiLiuHanJieWenDuQuXianSheZhiDeYanJiu2019a,
  title = {{关于回流焊接温度曲线设置的研究}},
  author = {姜, 海峡},
  year = {2019},
  journal = {新技术新工艺},
  number = {08},
  pages = {64--67},
  issn = {1003-5311},
  language = {中文;},
  keywords = {⛔ No DOI found,adjustment of parameters,reflow soldering,setting,temperature,temperature curve of reflow soldering,time,welding mechanism,回流焊接,回流焊接温度曲线,时间,温度,焊接机理,设置,调整参数},
  file = {E\:\\prog\\Zotero\\Zotero\\storage\\5DSL79YC\\姜 - 2019 - 关于回流焊接温度曲线设置的研究.pdf}
}

@article{SMTHuiLiuHanLuDeLuWenGongYiQuXianSheZhi2018,
  title = {{SMT回流焊炉的炉温工艺曲线设置}},
  year = {2018},
  month = oct,
  journal = {电子报},
  pages = {009},
  publisher = {{电子报}},
  language = {中文;},
  file = {E\:\\prog\\Zotero\\Zotero\\storage\\TCGQ8RPV\\2018 - SMT回流焊炉的炉温工艺曲线设置.pdf}
}

@article{wanHuiLiuHanJieWenDuQuXianDeNiHeYanJiu2018,
  title = {{回流焊接温度曲线的拟合研究}},
  author = {万, 学斌},
  year = {2018},
  journal = {河南科技},
  number = {32},
  pages = {53--54},
  issn = {1003-5168},
  language = {中文;},
  keywords = {⛔ No DOI found,fitting,reflow soldering,temperature curve,回流焊接,拟合,温度曲线},
  file = {E\:\\prog\\Zotero\\Zotero\\storage\\Y76HEMMB\\万 - 2018 - 回流焊接温度曲线的拟合研究.pdf}
}


