
@article{bishnuUniformityPointSamples2014,
  title = {{Uniformity of point samples in metric spaces using gap ratio}},
  author = {Bishnu, Arijit and Desai, Sameer and Ghosh, Arijit and Goswami, Mayank and Paul, Subhabrata},
  year = {2014},
  month = nov,
  file = {E\:\\prog\\Zotero\\Zotero\\storage\\XGDXF3ET\\Bishnu 等。 - 2014 - Uniformity of point samples in metric spaces using.pdf;E\:\\prog\\Zotero\\Zotero\\storage\\FXIMMLN6\\1411.html},
  keywords = {⛔ No DOI found},
  language = {zh-CN}
}

@article{luoDianKongJianFenXiFenWeiYuJunYunDu2004,
  title = {{点空间分析\textemdash\textemdash 分维与均匀度}},
  author = {罗, 传文},
  year = {2004},
  pages = {51--54},
  issn = {1000-7857},
  annotation = {29 citations(CNKI)[2021-5-1]},
  file = {E\:\\prog\\Zotero\\Zotero\\storage\\NNHAVDP2\\罗 - 2004 - 点空间分析——分维与均匀度.pdf},
  journal = {科技导报},
  keywords = {⛔ No DOI found,fractaldimension,measuringmapping,monopolizedcircle,monopolizedline,uniformindex,分维,均匀度,度量映射,独占圆,独占线},
  language = {中文;},
  number = {10}
}

@article{luoJunYunDuLiLunZaiFenXingHeHunDunYanJiuZhongDeYingYong2004,
  title = {{均匀度理论在分形和混沌研究中的应用}},
  author = {罗, 传文},
  year = {2004},
  pages = {31--35},
  issn = {1000-7857},
  annotation = {14 citations(CNKI)[2021-5-1]},
  file = {E\:\\prog\\Zotero\\Zotero\\storage\\62BECQ5A\\罗 - 2004 - 均匀度理论在分形和混沌研究中的应用.pdf},
  journal = {科技导报},
  keywords = {⛔ No DOI found,chaometry,chaos,fractal,monopolized sphere,uniform index theorem,分形,均匀度定理,混沌,混沌强度,独占球},
  language = {中文;},
  number = {12}
}

@misc{SeDuZhiBiao,
  author = {H.Kamerlingh Onnes},
  title = {色度指标},
  file = {E\:\\prog\\Zotero\\Zotero\\storage\\27RDE5E7\\cmetric.html},
  howpublished = {\url{https://www.compuphase.com/cmetric.htm}}
}

@article{shenErWeiLiZiFenBuJunYunDuCeSuanFangFaYanJiu1993,
  title = {{二维粒子分布均匀度测算方法研究}},
  author = {申, 洪},
  year = {1993},
  pages = {5--8},
  issn = {1004-4337},
  annotation = {3 citations(CNKI)[2021-5-1]},
  file = {E\:\\prog\\Zotero\\Zotero\\storage\\XDRFTIR5\\申 - 1993 - 二维粒子分布均匀度测算方法研究.pdf},
  journal = {数理医药学杂志},
  keywords = {⛔ No DOI found,Homogeneity,Image Analysis,Morphometry,Stereology,体视学(stereology),图像分析(image analysis),均匀度(homogeneity),形态定量(morphometry)},
  language = {中文;},
  number = {01}
}

@article{wangSeCaiXiangSiXingDuLiangDeYanJiuYuYingYong2005,
  title = {{色彩相似性度量的研究与应用}},
  author = {王, 可 and 陆, 长德 and 乐, 万德},
  year = {2005},
  pages = {168--170},
  issn = {1001-3695},
  annotation = {{$<$}北大核心{$>$}},
  file = {E\:\\prog\\Zotero\\Zotero\\storage\\PR38PXSV\\王 等。 - 2005 - 色彩相似性度量的研究与应用.pdf},
  journal = {计算机应用研究},
  keywords = {⛔ No DOI found,Color Difference,Color Similarity,Color Space,Color Vector,色差,色彩相似性,色彩空间,色矢量},
  language = {中文;},
  number = {10}
}

@article{wuJiYuSeCaiChuanDiDeTuXiangMaSaiKeSuanFaYanJiu2010,
  title = {{基于色彩传递的图像马赛克算法研究}},
  author = {吴, 旭虹 and 陈, 昭炯},
  year = {2010},
  volume = {36},
  pages = {219-220+223},
  issn = {1000-3428},
  annotation = {{$<$}北大核心, CSCD{$>$}},
  file = {E\:\\prog\\Zotero\\Zotero\\storage\\WEB7G7SX\\吴 和 陈 - 2010 - 基于色彩传递的图像马赛克算法研究.pdf},
  journal = {计算机工程},
  keywords = {⛔ No DOI found,color adjust,color transfer,mosaic,色彩传递,颜色调整,马赛克},
  language = {中文;},
  number = {12}
}

@article{xieYiZhongJiYuHSVKongJianDeYanSeXiangSiDuJiSuanFangFa2008,
  title = {{一种基于HSV空间的颜色相似度计算方法}},
  author = {谢, 君廷 and 王, 小华},
  year = {2008},
  pages = {60--63},
  issn = {1001-9146},
  doi = {10.13954/j.cnki.hdu.2008.01.019},
  file = {E\:\\prog\\Zotero\\Zotero\\storage\\V2WBKDLX\\谢 和 王 - 2008 - 一种基于HSV空间的颜色相似度计算方法.pdf},
  journal = {杭州电子科技大学学报},
  keywords = {color similarity,color system,image retrieval,图像检索,颜色相似度,颜色空间},
  language = {中文;},
  number = {01}
}

@phdthesis{yangMaSaiKeZiDongPinTuShengChanXianGuanJianJiShuYanJiu2017b,
  title = {{马赛克自动拼图生产线关键技术研究}},
  author = {阳, 操},
  year = {2017},
  collaborator = {管, 贻生 and 吴, 文强},
  file = {E\:\\prog\\Zotero\\Zotero\\storage\\G5GIHEZ9\\阳 - 2017 - 马赛克自动拼图生产线关键技术研究.pdf},
  keywords = {Automatic mosaic puzzle,Image mosaic algorithm,PLC control,PLC控制,The mosaic of front and back recognition,图像马赛克化算法,马赛克正反面识别,马赛克自动拼图},
  language = {中文;},
  school = {广东工业大学},
  type = {{硕士}}
}
@article{YanSeChaiYi2021,
	title = {{颜色差异}},
	year = {2021},
	month = apr,
	annotation = {Page Version ID: 65300269},
	copyright = {Creative Commons Attribution-ShareAlike License},
	file = {E\:\\prog\\Zotero\\Zotero\\storage\\3GRFJNEU\\index.html},
	journal = {维基百科，自由的百科全书},
	language = {zh-Hans-CN},
	url = {https://zh.wikipedia.org/wiki/%E9%A2%9C%E8%89%B2%E5%B7%AE%E5%BC%82#CIE76}
}


